

@BOOK{latex,
  title = {LaTeX : A Documentation Preparation System User's Guide and Reference Manual},
  publisher = {Addison-Wesley Professional},
  year = {1994},
  author = {Leslie Lamport}
}

@webpage{android_usb_host,
author = {Google Inc.},
title = {USB Host | Android Developers},
url = {http://developer.android.com/guide/topics/connectivity/usb/host.html}
}
